51701916
147392265
79134454
78018481
85471070
163420000
79333777
78247050
152741431
51130949
145897530
79007288
78198900
152392540
122660396
51072271
145817164
78895701
77875267
151308740
49729952
62309434
51126200
145696469
79246559
78159045
152462963
49761778
64087564
157878477
50970673
145662499
79190913
78214758
149775505
152571534
67287882
158109369
153494067
83249547
160041131
79000963
77919688
136619009
143401786
67222971
157764115
153071266
147382114
51810943
146758099
80219289
79104119
127696296
130075458
68085125
159024850
154401170
115438548
50451619
50945813
145844367
79454411
78251913
142600828
151890630
67196613
157952083
153150870
54004816
49727651
97638214
50878599
145494916
79160486
78132178
131004541
135000012
67057188
157971218
143839332
153684169
49708077
116218686
153189452
51104096
145632435
79181927
78118426
59488762
151772181
67170449
157966138
53906225
145769210
49610916
68491264
153248775
153274005
50892312
145631276
79274646
78260645
52830990
151112489
67195563
157967047
153373695
126972769
49662067
68702797
153339347
153483957
152149808
50801228
145565636
79149055
78096178
52780184
76748402
67099356
157977860
153304382
130904185
49645006
68562727
153278923
153248866
151996326
66687803
50911939
145431278
79105820
78082418
152350945
128274621
67059749
157816950
153562986
140615857
49683197
68513268
153170715
153191556
152064454
66470144
84337793
51735633
146496592
80070351
78974606
153200722
50480475
63461755
158759291
154216391
129891118
50537124
69370334
154025024
154084077
152957997
67273439
83389076
65310934
153430631
63907099
154584946
50973930
145621694
79372324
78253340
145149869
49800479
62884566
158006890
153540882
54043305
49712433
68587787
153314797
153315826
152159081
66518155
82522710
64685961
152503961
63014969
153755150
158139983
153720292
50849983
145609058
79210621
78089865
52880944
151572135
67139522
157944205
153400807
113654882
49605277
79208797
153438350
153309834
152122613
66455259
82580801
64475364
152495659
62786820
153705234
71169394
152428076
165881808
158722934
54953046
50844982
145416650
79037679
77930473
152408733
102271033
66886561
157960348
153247184
108360689
49475638
68425294
153214458
153176044
152152065
66385099
82438918
64273277
152276374
62551788
153562840
70722805
152695780
165735615
156947945
53759679
152827788
163340349
84947091
161057108
79419519
78333588
53114817
77746406
67124619
157949039
153541733
149966686
49759934
68636726
53883188
152324080
152186155
66480703
82672420
64522138
152486475
62782900
153675147
154859824
153582409
165839536
157167133
54169604
152743366
163180513
134594344
50922708
145656540
79097634
78133990
151758939
49824460
65895660
157985782
153521543
153603928
49849533
68712235
53921054
152160029
152229847
66552127
82520683
64442585
152334076
62633449
153755944
71025185
152796143
165682185
156961344
53951589
152760654
163059583
64323141
153491144
67230122
117673769
161201832
51231017
50825118
145796395
79268586
78225453
52909702
59224914
67480875
158088922
153552147
124446927
49681173
68652562
153368849
153558921
152448926
66568303
82703674
64583055
152531980
62944833
153785706
158186490
153963009
165845554
157199908
54201299
152963692
163144894
64203614
153726969
67195599
75207009
124386818
150879536
62445874
83327207
160059992
79215407
78107813
151986651
110396928
67146106
158019677
150721314
116667422
49634096
69055271
153482404
153371316
152273831
66542535
82611522
64544562
152484240
62835649
153690264
158210117
153703440
165860214
157116262
54002553
152901371
163110460
113677132
153683923
67326145
74955020
153726224
84769041
62353044
82962676
159719966
49805803
59803022
80086509
57002078
65547604
50943110
145718950
79244025
78106940
151922663
73843421
67305105
158030877
153558808
54073275
49701729
68664246
53939687
152151052
152055784
66569685
82589941
64526403
152460022
62976290
153785593
71104154
152117609
165749020
160611732
55838614
157883815
166569352
157266410
153488469
67254389
74984148
153660395
70441823
62468892
112755878
159685350
60622594
63512364
80284778
57108569
65736790
60411706
79151430
49976881
156823982
51595458
146559572
80115481
78931524
53814887
50467404
67292117
158709281
154322830
154262316
50476574
69356978
54609409
152981625
152877519
67262267
83337501
65228480
153149957
63780738
154391539
93250380
158577593
166674672
157806460
54832452
153618988
163760427
100515018
154304770
68055081
75786785
154389909
89282182
63180637
69753455
160100259
50524660
64149191
81026965
57913625
66526581
61161213
79836138
94410702
157456545
50638285
50882738
145465845
79034589
77919002
52680881
151670239
67099153
157728781
153111680
153362016
49500175
68360782
153050697
153151103
151962594
67786815
85112428
66402629
157207221
64684296
158462133
73232695
157142533
167754936
156876472
54007797
152685765
162864567
156994466
153260410
67100329
74745855
56977410
50040095
58875558
119904276
83363690
49540822
59646735
79985785
56965508
65443875
60045350
78731935
49752336
153413162
49471890
71655904
50836353
145477590
79187004
78040972
52793053
141205914
67012359
158041633
153300140
53816874
49553141
68328989
155037072
158214028
157039877
68356846
85109689
65917247
152225606
62581436
153565961
158034964
53853646
155030800
156842235
53925368
152582062
87146183
157152837
153482799
66991105
74732275
57053910
50120540
58894388
125807644
159515356
49504291
62636106
80064374
56776052
65470493
60127306
78681608
100814859
156756164
49538365
71740062
133388297
81756997
158995857
79253048
78127352
66402094
131056896
67815542
163273827
156538151
54001523
49584065
68560505
153302217
153506517
153820284
67336182
82457910
64487790
152408925
62909905
153827209
102925163
153637175
166063413
157473544
54033528
152869932
163061443
140538805
153591469
67137846
74889509
57150474
50150982
60808267
98469688
159758126
49621481
59677144
80246931
57082900
65611450
60362942
78910517
152642132
156624433
49651149
71883560
157519879
153953430
51117028
145523672
79164310
78223367
52945539
138574911
67063022
157944356
153548883
199906593
49251714
68037714
152763220
152963581
151844448
66025034
82220381
64060573
152080762
62278247
153421370
72027930
153290578
165636989
156917528
53645996
152561640
162712903
152377450
153332509
66615832
74576502
101286817
49753145
58616835
115361688
159362236
49252914
59375878
79730737
56584490
65239104
59813424
78552664
49450191
152760981
49252424
71363553
109983988
153489492
57689241
51130462
145560203
79327509
78198476
52876189
113383799
67099508
158143831
91939682
153499491
49670800
68561013
53919216
152165707
152170107
66557135
82563425
64422307
152465611
62722905
153708560
158109795
153490919
166078149
157080696
54082692
152860445
162918470
64082485
153627466
67117315
74947874
57263801
128711041
62532014
70568803
83454356
49668795
59660972
80317512
57069112
65570971
60279439
119249422
129982514
156499182
49406027
71395079
157294841
153579299
57809282
72353108
60769770
50986930
145552735
79394513
78515067
152491881
101396616
67105373
157979374
153477982
95352947
49849359
68847894
153418278
153352835
152223403
66635555
82748641
66309396
155438677
62898045
153703366
71005266
152632014
165722458
157125664
54090230
152750746
163134093
130848736
153545170
67014745
74970608
57415016
80836838
62617849
69139875
74116916
49864353
59795540
80418456
57257440
102473166
69328855
78849892
89456050
156437365
61875962
79369632
157569663
153730839
58039549
72712578
84223441
58119870
51641528
146502228
79940220
78917021
53619526
144212633
67933088
160995626
159214963
119645227
50477118
78828882
54559047
152941472
152919733
67145668
83252848
65133208
153172908
63555358
154316720
158889684
154165020
166526714
157630060
54726688
153641178
163701607
157669038
154470014
67822626
75639210
139525478
109678871
63172840
93240983
87353601
50463449
60939757
80966923
57730384
66394742
61025353
79617632
50822361
153791291
50516108
72472346
103108331
159181064
60753735
75872543
63526706
158177759
60909877
50935191
145628683
79354062
78169489
52854898
99218904
67190813
157929056
153367409
153573611
49865094
68535325
153265711
153258064
152154558
66465144
82550431
64452361
152379250
62819505
153619238
158393725
153503901
165624077
67228299
53798532
152653605
87332883
82934284
153446239
67235161
74953866
89412778
50209835
58998990
142920904
83579380
51301257
61735262
82851009
58964634
67786303
62314142
79256947
49825467
152934791
49647137
71852663
68861836
153655676
58083547
72755381
60870308
152286577
58333529
72733477
84052181
160629137
79304517
78120243
152391204
136117084
67108497
157956468
127746994
153654421
49655691
68506211
153214409
153220165
152104106
66346992
82555132
64475524
152421084
62744654
153515615
158155869
153508195
165525944
157062508
53925700
152657967
162894356
156839909
153501668
67067831
74929100
57165776
50418397
59039227
75814065
74951907
49626884
59717539
80199576
56982468
65549531
60265410
78724948
49900428
152856076
49690760
71823552
157445186
153705028
58123866
72680041
60750905
71802971
58185823
72554576
64431798
50904396
145631268
79340993
78287320
52973632
138041663
104967936
166953224
153454937
151056876
49651906
68574876
153267489
153245847
152158946
66428354
82613535
64385098
152501010
62778988
153732034
158327962
153581694
165602410
157217302
53838981
152654559
87239465
110574409
153646574
67064022
74889857
57071634
94340744
62283049
68905979
155102775
49698141
61135435
80223933
56975694
65575338
60314159
78686534
124389882
156464514
49673348
71691010
67037486
153941362
58094893
72704971
60799197
55933419
71107084
79091634
64478883
53973287
50858919
145586036
79332395
78285352
52975818
49712425
62682038
158151904
130793331
135468922
49789851
68604583
153291892
153040430
151971706
66315995
82357917
64190865
152221303
62530424
153452431
70687115
152317217
165411877
67338962
53587266
152494399
162934717
63583684
153358282
66910064
74704677
100627871
134826095
62132971
99869962
159315948
49485495
60671278
79947217
56821730
65490736
60054087
79727197
51225482
157694526
51075316
73892378
157941334
153641451
57859817
72376227
60571645
55722550
56836269
72402227
64281146
153327571
58109838
50726898
145504356
79139645
78056513
52767376
119976867
67084970
157898538
153377105
142721725
49591557
68509169
153190604
153193262
152102598
105190628
92470262
65449368
153491331
63565460
154586429
159209334
154712271
166574147
158113558
54810624
153681369
163976615
64644438
154520098
68141241
75925904
58007103
51025440
60006347
100230427
150139502
50610913
60565506
81134797
58077686
66608093
61332773
79755049
50820237
153730662
50705354
72628710
158488304
154911458
59124160
73706117
61618630
56953900
57988227
94631120
67748657
111305662
59162132
85631743
62993961
50911821
145412172
79144737
78061212
109589699
128397589
66959427
157880014
153294702
153564897
49492491
126100462
53736539
151946426
152016905
66287106
82405166
64261820
152262988
62542950
153466797
70883224
152252474
165524637
156898988
53699303
152518000
162750816
146254906
153018579
66981148
74792652
56917616
125311786
62210219
107723833
127058145
49537618
59574742
80058033
56872848
65447528
60259391
91008895
49746512
152645705
106555492
79456268
157548854
153739595
57957559
72581497
60652203
65427911
58010650
78612693
64253154
105836114
58016772
84335223
61671336
153479424
51190575
145689582
79322808
78294489
52949377
61673429
67324736
158062702
153421788
136578766
49843350
68762934
153318042
153332782
152048661
66584398
82734179
64763610
152512870
62887018
153718909
158191133
153727038
165681400
67194216
53956711
152772868
163265474
156638463
153254391
67229219
74993909
138425162
152818116
62466898
103260685
75049747
49777889
59829414
80352979
57188821
65697238
60501728
78742831
113260696
156537908
49826106
71856495
67234820
153796029
58239929
72859271
60804337
58175225
57915933
72724251
64715137
54120200
57223776
84729917
61945375
153810799
96256116
60023025
146560014
79157855
78114586
52754850
134195352
67031337
157815552
153384412
153452427
49641262
80364676
53705920
152068926
152073436
66268112
82425314
64310276
152348401
62649597
153550304
158122389
153569268
165244581
156941131
53681225
152679522
163053303
138832131
153181019
66974250
74753836
88364356
50141287
58979820
68912500
114928888
49583514
59748751
80190214
56877162
65480698
60220044
78564953
61788070
156229706
49638802
71688114
157431117
153606926
58034005
110762424
69093653
65634574
57957865
72347967
64227913
53740605
56825285
84396883
61654045
153578652
58413397
79601040
49971922
145263267
79004549
77961132
52734064
49517769
66059715
157778485
153271391
153071155
49547378
68238857
153045678
153111180
151886301
66148037
82423545
64188379
152111171
62510484
153427508
81848010
153376687
165011448
156869526
53837861
152575608
162716031
156358901
153243431
66948932
74669740
56900004
75182214
62185044
73792496
125179924
49514372
95346061
91332262
56776787
65460369
60012679
78372660
49647448
154144764
49473753
71620652
79868057
153572358
57824015
72499318
60503846
55674942
56780253
72356633
64242765
153519811
57931796
84504341
61464258
153381369
58350797
79366167
65355893
49805812
145392772
79077114
77987513
67965744
49495308
62478812
157981310
153055725
99812515
49511741
100446794
53815524
152042750
152050969
66379349
82525159
64312776
152312001
62744423
153562574
158020256
201220031
165007246
159825907
55303949
157466905
89864490
65504180
156390586
67168292
74742667
56830965
124499864
62132075
69416599
74701560
49394141
59483622
79975107
56772447
65334312
60070219
78392827
49692127
152596019
49446461
71442634
66917800
153342707
57914260
72343376
60559390
66384965
57984266
72345679
64188358
57747721
57886457
84282383
61541307
153574894
58432468
79168412
65288439
151403236
154462810
186074205
153098063
79335063
78196553
52926268
49671058
62751130
157933514
53991793
54007366
49714139
68590183
53922063
52674088
152240691
66494880
82685798
64563305
152228022
155924321
154769297
71232011
153413522
170609950
69530346
154424775
156291013
163159958
63306256
152305959
67647994
75106529
60012149
143154828
62375264
69003004
69593406
49656151
59897857
80252040
57109797
65767495
60367539
78488466
49729189
152280548
49739217
71879229
67271962
88698875
69081518
73878892
60463443
149970156
57990281
72228696
64319224
53663550
56798109
84409729
61639372
153522429
58415082
83984266
157101174
155204580
152200447
70489040
138780404
152985645
79039744
77975112
52691283
119333255
67127056
157601127
53828497
53842173
49547949
68446587
53789180
52506009
152195666
66304409
82432875
64348671
151986506
155954942
154533641
71088824
117579923
165037599
67150431
153182757
156907711
126080404
62845738
151885497
94177799
78888618
56649738
93977141
61931393
68475899
153245986
49345460
59392946
79768662
56729086
65248090
60089457
78165165
49248066
152260978
49338658
71398816
120162915
53620054
56574868
72323816
60291906
55564836
56648463
72194589
65179059
53575223
56767345
84257837
61369693
56695037
57058472
78378980
155717732
154888805
152401380
70314380
65130370
138877989
154050871
79095484
78144729
52855215
99818651
67150184
157746272
54011816
53938528
49635151
68648933
53918882
52573753
152203554
66461914
82593509
64494166
152166620
156015527
154719987
71360692
152675924
165157674
67415575
153410985
156075657
163253646
63196237
152281584
67450076
75067617
75368884
77905943
62290594
68892136
153325003
49672295
59799304
80167874
57058914
65609725
60281042
79019675
49601012
152638274
49647128
71706062
67032913
53945076
56940131
72701868
60552820
55947166
57047420
72553258
64617595
54001528
57152062
91732070
62756995
57097335
57758175
78808385
155933075
155494925
152416144
70620576
65618922
55063171
154656756
138960900
153009665
79158592
78055254
53869165
49651131
62566516
158068258
53896994
53879176
49662628
68505719
53905184
52600067
152222280
66546953
82814855
64351568
152181548
156030279
154633735
71301089
115093773
165036972
67449141
153384533
156226916
163267459
62899787
152193365
67453295
74948320
57003363
89120907
62274907
68923737
105561877
49573806
59732502
80081640
56960569
65510762
60163441
78357932
122591193
156162456
49594329
71705293
85051639
53902051
56920128
72593789
60554888
99673734
58075727
72536546
64459250
53862454
57022426
101074396
62721014
153568726
58561570
78654024
156041955
155273191
152404335
70656786
65206931
55193775
154545659
158859436
156027433
65140682
67568582
115866955
76859179
158503940
118456221
162090803
160665073
206553686
156196880
138708895
152829456
79086674
78036832
52768390
60844313
67044216
157673365
53796784
53747650
49492399
68400578
53840686
52535868
152042781
66311401
82498566
64289043
152387066
156068876
154656187
71042787
52685613
154317470
67036711
153347334
156209659
163176193
62907425
152091844
67425734
74969198
100519872
93947727
62152649
68828476
153912417
49605225
59782762
80065303
56941332
65508959
60170412
78413249
152141483
63295056
49544980
71585789
93948186
53822710
56835828
72617488
60537346
134805307
57999504
72418441
64344926
53765840
56918491
136485742
62767060
157139439
60696420
145067648
162192793
160508253
157348086
72927906
67613624
56661605
159730515
161534076
155746583
205837759
69072629
76072378
70698155
156601546
76552218
155319254
159055682
159058986
156260472
88236720
155850879
55638334
138957907
152924555
79162265
78215844
52866290
49685410
62538413
90761552
54049769
54003338
49707089
68664220
53966116
52660953
152126460
66437139
82524868
64516665
152263281
155953575
154698177
71180376
96931847
165104934
67271408
153345960
156128314
163101855
62904730
151877306
67432008
74943751
57208701
90403827
62407407
68955321
99036876
49718096
59723548
80239712
57098852
65595273
60395106
78393898
49713604
152445834
50110463
152114267
72537074
53791489
56733518
72460140
60388890
55667531
56825921
72357350
64239309
53769288
56795215
84533547
61640918
153557801
58500532
78654679
155836475
155127139
152082800
70493759
64974518
54798061
154477667
158737464
155846537
157890749
68759552
75899787
70829205
71664524
73541655
153433727
160220121
158567706
156405411
88188159
155527975
55484383
99213716
185297067
152856317
79063223
77989066
64815361
138678489
67015802
157779142
53757343
53725324
49499240
68344497
53747820
52436782
152196259
66383224
82413236
64342188
152127914
155874386
154790835
71093059
152363622
165076237
67018502
153324229
156025510
163127796
62845067
152049492
67319904
74880867
56939107
49446768
59339377
68752631
153540229
49464031
59591708
80041892
56967143
65473947
60170074
78484810
145902271
155883356
49666156
71587179
67077888
53777176
56824282
72516587
60408153
55702647
58030684
72475982
64301463
53736526
56848152
84467353
61632897
56811610
57269659
103061534
156704333
154765464
152181372
70560333
65025435
53997604
154312754
158726555
155272693
157565239
68730057
75929104
70611648
157509674
76825298
156471246
165745806
163364523
155359876
89843671
155360679
55442204
80316615
62851928
138702167
152634532
79173545
78034011
52806496
103316116
66842862
157666568
53886216
53753269
49527775
68327304
53736935
52400744
151964829
66236867
82379442
64220371
152129661
155505061
154538349
71161635
152209505
164848242
66790330
153258178
155754300
162939281
62646048
151753299
66842755
74649085
124504202
99683000
62255752
68840076
129811799
49533858
59421570
80171980
56876807
65329678
60243633
78327696
151820873
155522974
49328767
71448473
116190305
53646532
56689340
78071342
60253427
135665546
57868203
72302307
64139172
53629253
56773851
90970937
62702867
153440018
58373666
78453616
155817276
154719993
152225561
70441589
64778897
54025285
154592373
158826567
155326409
157611073
68552090
75805058
70540992
159195216
76611701
144305454
158901600
158562455
153020830
87829420
155686787
55394293
91098872
62460676
61741827
56113565
52376973
67490777
201665833
161685099
103390449
128415673
161427363
69099950
