517024
1158058
2543963
2320394
2541707
2383654
973385
997594
1030480
1057523
1104097
1116818
4670073
4814054
3655344
3765747
3745259
4412293
4406552
4682571
4984910
7873608
7982739
8086525
8767093
16831973
9380900
9943029
10262847
6884852
7014720
12608934
8319927
17678332
23797165
8472534
13592416
25927203
14298789
15345879
16528421
16623590
23701327
17523453
18658487
32918862
27216225
12366011
12141747
13298831
13473572
23652495
14105291
31245213
30693856
40376684
30857665
34161167
32928942
24669530
36722711
27621860
28168428
36738344
51110027
49153768
49387841
51782032
40325564
42328533
43402138
43903147
42881747
43637493
44072899
59801451
34076407
61188000
63059911
63080410
63188355
64456397
35347647
66107967
67231420
65167430
65813902
69593430
70052389
69090640
71337773
71689820
73298397
73327482
74702113
107278019
78045879
